<?xml version="1.0" encoding="UTF-8"?><collection xmlns="http://www.loc.gov/MARC21/slim"><record><leader>00580nam--2200205-u-4500</leader><controlfield tag="001">000052912</controlfield><controlfield tag="002">20161230</controlfield><controlfield tag="005">20161230201050</controlfield><controlfield tag="008">101129s1000------------r-----000-0-rus-d</controlfield><datafield ind1=" " ind2=" " tag="040"><subfield code="a">IFIN-HH</subfield></datafield><datafield ind1=" " ind2=" " tag="041"><subfield code="a">rus</subfield></datafield><datafield ind1=" " ind2=" " tag="080"><subfield code="a">535:621.375.826</subfield></datafield><datafield ind1="1" ind2=" " tag="100"><subfield code="a">Collier, Robert J</subfield></datafield><datafield ind1="1" ind2="0" tag="245"><subfield code="a">Opticeskaia golografiia</subfield><subfield code="c">Robert j. collier; christoph b. buckhaedt; lawrence h. lin</subfield></datafield><datafield ind1=" " ind2=" " tag="260"><subfield code="a">Moskva</subfield><subfield code="b">Mir</subfield><subfield code="c">1973</subfield></datafield><datafield ind1=" " ind2=" " tag="300"><subfield code="a">686P</subfield></datafield><datafield ind1=" " ind2=" " tag="500"><subfield code="a">Titlul original in limba engleza: OPTICAL HOLOGRAPHY</subfield></datafield><datafield ind1="1" ind2=" " tag="700"><subfield code="a">Lin, Lawrence H</subfield></datafield><datafield ind1=" " ind2=" " tag="852"><subfield code="a">76918</subfield><subfield code="c">535</subfield></datafield><datafield ind1=" " ind2=" " tag="CAT"><subfield code="a">Sys</subfield><subfield code="c">20101129</subfield><subfield code="h">092128</subfield></datafield></record></collection>